<record><leader>00000cas a2200000 a 4500</leader><controlfield tag="001">10270243</controlfield><controlfield tag="008">840106d19281934txumr ne      0   a0eng d</controlfield><datafield ind1=" " ind2=" " tag="010"><subfield code="a">sn 87090645 </subfield></datafield><datafield ind1=" " ind2=" " tag="040"><subfield code="a">TXH</subfield><subfield code="b">eng</subfield><subfield code="c">TXH</subfield><subfield code="d">PPM</subfield><subfield code="d">OCL</subfield><subfield code="d">OCLCQ</subfield></datafield><datafield ind1=" " ind2=" " tag="042"><subfield code="a">msc</subfield></datafield><datafield ind1=" " ind2=" " tag="090"><subfield code="a">LH1.H6</subfield><subfield code="b">C6</subfield></datafield><datafield ind1="0" ind2="4" tag="245"><subfield code="a">The Cougar.</subfield></datafield><datafield ind1=" " ind2=" " tag="260"><subfield code="a">Houston, Tex. :</subfield><subfield code="b">Houston Junior College,</subfield><subfield code="c">1928-1934.</subfield></datafield><datafield ind1=" " ind2=" " tag="300"><subfield code="a">7 v. :</subfield><subfield code="b">ill. ;</subfield><subfield code="c">45 cm.</subfield></datafield><datafield ind1=" " ind2=" " tag="310"><subfield code="a">Monthly</subfield></datafield><datafield ind1="0" ind2=" " tag="362"><subfield code="a">Vol. 1, no. 1 (Apr. 6, 1928)-v. 7, no. 11 (May 1934).</subfield></datafield><datafield ind1="2" ind2=" " tag="710"><subfield code="a">Houston Junior College.</subfield></datafield><datafield ind1=" " ind2=" " tag="752"><subfield code="a">United States</subfield><subfield code="b">Texas</subfield><subfield code="c">Harris</subfield><subfield code="d">Houston.</subfield></datafield><datafield ind1="0" ind2="0" tag="785"><subfield code="t">Cougar (Houston, Tex. : 1934)</subfield></datafield></record>